@article{popeEnterobacEarlyGut2019,
	title = {Microbial {Colonization} {Coordinates} the {Pathogenesis} of a {Klebsiella} pneumoniae {Infant} {Isolate}},
	volume = {9},
	issn = {2045-2322},
	doi = {10.1038/s41598-019-39887-8},
	journal = {Scientific Reports},
	author = {Pope, Jillian L. and Yang, Ye and Newsome, Rachel C. and Sun, Wei and Sun, Xiaolun and Ukhanova, Maria and Neu, Josef and Issa, Jean-Pierre and Mai, Volker and Jobin, Christian},
	month = mar,
	year = {2019},
	pmid = {30833613},
	pmcid = {PMC6399262},
	pages = {3380},
}

@article{deoniMyelinationMullenPreprint2022,
  title = {Patterns of Early Myelination Identify Functionally Relevant Brain Networks},
  author = {Sean CL Deoni, Muriel Bruchhage, Douglas Dean et al},
  year = {2022},
  month = sep,
  journal = {PREPRINT availabe at Research Square},
  doi = {10.21203/rs.3.rs-2002561/v1},
  langid = {english}
}

@article{chenLongitudinalBrainMullen2023,
	title = {Four-dimensional mapping of dynamic longitudinal brain subcortical development and early learning functions in infants},
	volume = {14},
	issn = {2041-1723},
	doi = {10.1038/s41467-023-38974-9},
	language = {en},
	journal = {Nature Communications},
	author = {Chen, Liangjun and Wang, Ya and Wu, Zhengwang and Shan, Yue and Li, Tengfei and Hung, Sheng-Che and Xing, Lei and Zhu, Hongtu and Wang, Li and Lin, Weili and Li, Gang},
	month = jun,
	year = {2023},
	keywords = {Development of the nervous system, Neural patterning},
	pages = {3727},
	file = {Full Text PDF:C\:\\Users\\Guilherme\\Zotero\\storage\\MXPIQMWA\\Chen et al. - 2023 - Four-dimensional mapping of dynamic longitudinal b.pdf:application/pdf},
}

@article{jiangBrainNetworkCognition2023,
	title = {Mapping the evolution of regional brain network efficiency and its association with cognitive abilities during the first twenty-eight months of life},
	volume = {63},
	issn = {1878-9293},
	doi = {10.1016/j.dcn.2023.101284},
	journal = {Developmental Cognitive Neuroscience},
	author = {Jiang, Weixiong and Zhou, Zhen and Li, Guoshi and Yin, Weiyan and Wu, Zhengwang and Wang, Li and Ghanbari, Maryam and Li, Gang and Yap, Pew-Thian and Howell, Brittany R. and Styner, Martin A. and Yacoub, Essa and Hazlett, Heather and Gilmore, John H. and Keith Smith, J. and Ugurbil, Kamil and Elison, Jed T. and Zhang, Han and Shen, Dinggang and Lin, Weili},
	month = jul,
	year = {2023},
	pmid = {37517139},
	pmcid = {PMC10400876},
	pages = {101284},
	file = {PubMed Central Full Text PDF:C\:\\Users\\Guilherme\\Zotero\\storage\\MITB8VNB\\Jiang et al. - 2023 - Mapping the evolution of regional brain network ef.pdf:application/pdf},
}

@article{chungBifidoPsudocatenulatum2021,
	title = {Exploring the {Genomic} {Diversity} and {Antimicrobial} {Susceptibility} of {Bifidobacterium} pseudocatenulatum in a {Vietnamese} {Population}},
	volume = {9},
	issn = {2165-0497},
	doi = {10.1128/Spectrum.00526-21},
	number = {2},
	year = {2021},
	journal = {Microbiology Spectrum},
	author = {Chung The, Hao and Nguyen Ngoc Minh, Chau and Tran Thi Hong, Chau and Nguyen Thi Nguyen, To and Pike, Lindsay J. and Zellmer, Caroline and Pham Duc, Trung and Tran, Tuan-Anh and Ha Thanh, Tuyen and Van, Minh Pham and Thwaites, Guy E. and Rabaa, Maia A. and Hall, Lindsay J. and Baker, Stephen},
	pmid = {34523984},
	pmcid = {PMC8557894},
	pages = {e00526--21}
}

@article{xieChronicInfNeuro2019,
	title = {Chronic inflammation is associated with neural responses to faces in bangladeshi children},
	volume = {202},
	issn = {1053-8119},
	url = {https://www.sciencedirect.com/science/article/pii/S1053811919307013},
	doi = {10.1016/j.neuroimage.2019.116110},
	journal = {NeuroImage},
	author = {Xie, Wanze and Kumar, Swapna and Kakon, Shahria H. and Haque, Rashidul and Petri, William A. and Nelson, Charles A.},
	month = nov,
	year = {2019},
	keywords = {Cognitive development, Early-life inflammation, ERPs, Low-income countries},
	pages = {116110}
}